<?xml version="1.0" encoding="UTF-8"?><collection xmlns="http://www.loc.gov/MARC21/slim"><record><leader>00485nam--2200133-i-4500</leader><controlfield tag="001">000009383</controlfield><controlfield tag="002">20161230</controlfield><controlfield tag="005">20161230201028</controlfield><controlfield tag="008">060222s1000------------r-----000-0-eng-d</controlfield><datafield ind1=" " ind2=" " tag="100"><subfield code="a">Bonastre, J.Et Pointeau, R</subfield></datafield><datafield ind1=" " ind2=" " tag="245"><subfield code="a">Elements de polarographie. theorie, technique instrumentale, applications analytiques. prefa ce du pr.charlot</subfield></datafield><datafield ind1=" " ind2=" " tag="260"><subfield code="a">Paris, Masson Et C-ie Editeurs, 1970</subfield></datafield><datafield ind1=" " ind2=" " tag="490"><subfield code="a">Collection De Chimie Physique Publiee Sous La Direction Du Prof.A.Pacault</subfield></datafield><datafield ind1=" " ind2=" " tag="852"><subfield code="a">543.253</subfield></datafield></record></collection>